Date,Description,Amount,Balance
01/01/2024,STARTING BALANCE,0.00,2500.00
01/02/2024,GROCERIES,-35.50,2464.50
01/03/2024,INTEREST PAYMENT,0.15,2464.65
01/04/2024,ATM WITHDRAWAL,-100.00,2364.65
01/05/2024,TRANSFER FROM CHECKING,500.00,2864.65
01/06/2024,CD INTEREST,5.00,2869.65
01/10/2024,TRANSFER TO CHECKING,-250.00,2619.65
01/15/2024,MONTHLY INTEREST,2.50,2622.15
01/20/2024,TRANSFER FROM CHECKING,300.00,2922.15
01/25/2024,CD INTEREST,5.10,2927.25
01/30/2024,MONTHLY INTEREST,3.00,2930.25
